@article{karp1987efficient,
    title={Efficient randomized pattern-matching algorithms},
    author={Karp, Richard M and Rabin, Michael O},
    journal={IBM Journal of Research and Development},
    volume={31},
    number={2},
    pages={249--260},
    year={1987},
    publisher={IBM}
}

@article{lin1991divergence,
    title={Divergence measures based on the Shannon entropy},
    author={Lin, Jianhua},
    journal={IEEE Transactions on Information theory},
    volume={37},
    number={1},
    pages={145--151},
    year={1991},
    publisher={IEEE}
}

@inproceedings{fuglede2004jensen,
    title={Jensen-Shannon divergence and Hilbert space embedding},
    author={Fuglede, Bent and Topsoe, Flemming},
    booktitle={Information Theory, 2004. ISIT 2004. Proceedings. International Symposium on},
    pages={31},
    year={2004},
    organization={IEEE}
}

@inproceedings{connor2013evaluation,
    title={Evaluation of Jensen-Shannon distance over sparse data},
    author={Connor, Richard and Cardillo, Franco Alberto and Moss, Robert and Rabitti, Fausto},
    booktitle={International Conference on Similarity Search and Applications},
    pages={163--168},
    year={2013},
    organization={Springer}
}

@article{endres2003new,
    title={A new metric for probability distributions},
    author={Endres, Dominik Maria and Schindelin, Johannes E},
    journal={IEEE Transactions on Information theory},
    volume={49},
    number={7},
    pages={1858--1860},
    year={2003},
    publisher={IEEE}
}

@inproceedings{yianilos1993data,
    title={Data structures and algorithms for nearest neighbor search in general metric spaces},
    author={Yianilos, Peter N},
    booktitle={SODA},
    volume={93},
    number={194},
    pages={311--21},
    year={1993}
}
@article{chavez2001searching,
    title={Searching in metric spaces},
    author={Ch{\'a}vez, Edgar and Navarro, Gonzalo and Baeza-Yates, Ricardo and Marroqu{\'\i}n, Jos{\'e} Luis},
    journal={ACM computing surveys (CSUR)},
    volume={33},
    number={3},
    pages={273--321},
    year={2001},
    publisher={ACM}
}
@article{leinonen2010sequence,
    title={The sequence read archive},
    author={Leinonen, Rasko and Sugawara, Hideaki and Shumway, Martin},
    journal={Nucleic acids research},
    pages={gkq1019},
    year={2010},
    publisher={Oxford Univ Press}
}
@article{caporaso2010qiime,
    title={QIIME allows analysis of high-throughput community sequencing data},
    author={Caporaso, J Gregory and Kuczynski, Justin and Stombaugh, Jesse and Bittinger, Kyle and Bushman, Frederic D and Costello, Elizabeth K and Fierer, Noah and Pe{\~n}a, Antonio Gonzalez and Goodrich, Julia K and Gordon, Jeffrey I and others},
    journal={Nature methods},
    volume={7},
    number={5},
    pages={335--336},
    year={2010},
    publisher={Nature Publishing Group}
}
@article{lozupone2011unifrac,
    title={UniFrac: an effective distance metric for microbial community comparison},
    author={Lozupone, Catherine and Lladser, Manuel E and Knights, Dan and Stombaugh, Jesse and Knight, Rob},
    journal={The ISME journal},
    volume={5},
    number={2},
    pages={169},
    year={2011},
    publisher={Nature Publishing Group}
}

@book{informationretrieval2008,
    author    = {Christopher D Manning, Prabhakar Raghavan and Hinrich Sch{\"u}tze}, 
    title     = {Introduction to Information Retrieval},
    publisher = {Cambridge University Press},
    year        = {2008},
    isbn        = {0521865719}
}

@inproceedings{jarvelin2000ir,
    title={IR evaluation methods for retrieving highly relevant documents},
    author={J{\"a}rvelin, Kalervo and Kek{\"a}l{\"a}inen, Jaana},
    booktitle={Proceedings of the 23rd annual international ACM SIGIR conference on Research and development in information retrieval},
    pages={41--48},
    year={2000},
    organization={ACM}
}

@article{jarvelin2002cumulated,
    title={Cumulated gain-based evaluation of IR techniques},
    author={J{\"a}rvelin, Kalervo and Kek{\"a}l{\"a}inen, Jaana},
    journal={ACM Transactions on Information Systems (TOIS)},
    volume={20},
    number={4},
    pages={422--446},
    year={2002},
    publisher={ACM}
}
@article{qin2010human,
    title={A human gut microbial gene catalogue established by metagenomic sequencing},
    author={Qin, Junjie and Li, Ruiqiang and Raes, Jeroen and Arumugam, Manimozhiyan and Burgdorf, Kristoffer Solvsten and Manichanh, Chaysavanh and Nielsen, Trine and Pons, Nicolas and Levenez, Florence and Yamada, Takuji and others},
    journal={nature},
    volume={464},
    number={7285},
    pages={59--65},
    year={2010},
    publisher={Nature Publishing Group}
}
@article{seedorf2014bacteria,
    title={Bacteria from diverse habitats colonize and compete in the mouse gut},
    author={Seedorf, Henning and Griffin, Nicholas W and Ridaura, Vanessa K and Reyes, Alejandro and Cheng, Jiye and Rey, Federico E and Smith, Michelle I and Simon, Gabriel M and Scheffrahn, Rudolf H and Woebken, Dagmar and others},
    journal={Cell},
    volume={159},
    number={2},
    pages={253--266},
    year={2014},
    publisher={Elsevier}
}
@article{ligi2014characterization,
    title={Characterization of bacterial communities in soil and sediment of a created riverine wetland complex using high-throughput 16S rRNA amplicon sequencing},
    author={Ligi, Teele and Oopkaup, Kristjan and Truu, Marika and Preem, Jens-Konrad and N{\~o}lvak, Hiie and Mitsch, William J and Mander, {\"U}lo and Truu, Jaak},
    journal={Ecological Engineering},
    volume={72},
    pages={56--66},
    year={2014},
    publisher={Elsevier}
}
@incollection{hetland2009basic,
    title={The basic principles of metric indexing},
    author={Hetland, Magnus Lie},
    booktitle={Swarm intelligence for multi-objective problems in data mining},
    pages={199--232},
    year={2009},
    publisher={Springer}
}
@article{sims2009alignment,
    title={Alignment-free genome comparison with feature frequency profiles (FFP) and optimal resolutions},
    author={Sims, Gregory E and Jun, Se-Ran and Wu, Guohong A and Kim, Sung-Hou},
    journal={Proceedings of the National Academy of Sciences},
    volume={106},
    number={8},
    pages={2677--2682},
    year={2009},
    publisher={National Acad Sciences}
}
@article{Knight2012,
    author = {Knight, Rob and Jansson, Janet and Field, Dawn and Fierer, Noah and Desai, Narayan and Fuhrman, Jed a. and Hugenholtz, Phil and van der Lelie, Daniel and Meyer, Folker and Stevens, Rick and Bailey, Mark J. and Gordon, Jeffrey I. and Kowalchuk, George a. and Gilbert, Jack a.},
    doi = {10.1038/nbt.2235},
    isbn = {1546-1696 (Electronic)$\backslash$n1087-0156 (Linking)},
    issn = {1087-0156},
    journal = {Nature Biotechnology},
    keywords = {Biology and Microbiology,Ecology and Environment},
    mendeley-groups = {Seasonal paper},
    number = {6},
    pages = {513--520},
    pmid = {22678395},
    publisher = {Nature Publishing Group},
    title = {{Unlocking the potential of metagenomics through replicated experimental design}},
    url = {http://dx.doi.org/10.1038/nbt.2235},
    volume = {30},
    year = {2012}
}
@misc{Madden1996,
    author = {Madden, T L and Tatusov, R L and Zhang, J},
    booktitle = {Methods in enzymology},
    doi = {10.1016/S0076-6879(96)66011-X},
    isbn = {0076-6879 (Print)},
    issn = {0076-6879},
    keywords = {Algorithms,Amino Acid Sequence,Animals,Base Composition,Base Sequence,Databases, Factual,Escherichia coli,Humans,Molecular Sequence Data,Proteins,Proteins: chemistry,Repetitive Sequences, Nucleic Acid,Saccharomyces cerevisiae,Software},
    pages = {131--41},
    pmid = {8743682},
    title = {{Applications of network BLAST server.}},
    url = {http://www.ncbi.nlm.nih.gov/pubmed/8743682},
    volume = {266},
    year = {1996}
}
@article{Edgar2010,
    author = {Edgar, Robert C.},
    doi = {10.1093/bioinformatics/btq461},
    isbn = {1367-4811 (Electronic)$\backslash$r1367-4803 (Linking)},
    issn = {13674803},
    journal = {Bioinformatics},
    mendeley-groups = {Manuscript,Seasonal paper,TCXA paper},
    number = {19},
    pages = {2460--2461},
    pmid = {20709691},
    title = {{Search and clustering orders of magnitude faster than BLAST}},
    volume = {26},
    year = {2010}
}
@article{Fu2012,
    author = {Fu, Limin and Niu, Beifang and Zhu, Zhengwei and Wu, Sitao and Li, Weizhong},
    doi = {10.1093/bioinformatics/bts565},
    isbn = {1367-4811 (Electronic)$\backslash$n1367-4803 (Linking)},
    issn = {13674803},
    journal = {Bioinformatics},
    number = {23},
    pages = {3150--3152},
    pmid = {23060610},
    title = {{CD-HIT: Accelerated for clustering the next-generation sequencing data}},
    volume = {28},
    year = {2012}
}
@article{He2015,
    author = {He, Yan and Caporaso, J Gregory and Jiang, Xiao-Tao and Sheng, Hua-Fang and Huse, Susan M and Rideout, Jai Ram and Edgar, Robert C and Kopylova, Evguenia and Walters, William A and Knight, Rob and Zhou, Hong-Wei},
    doi = {10.1186/s40168-015-0081-x},
    file = {:Users/ilia/Downloads/s40168-015-0081-x.pdf:pdf},
    isbn = {2049-2618 (Electronic)$\backslash$r2049-2618 (Linking)},
    issn = {2049-2618},
    journal = {Microbiome},
    keywords = {Bioinformatics,Medical Microbiology,Microbial Ecology,Microbial Genetics and Genomics,Microbiology,Virology},
    mendeley-groups = {Metagenomics/Amplicon},
    number = {1},
    pages = {20},
    pmid = {25995836},
    publisher = {???},
    title = {{Stability of operational taxonomic units: an important but neglected property for analyzing microbial diversity.}},
    url = {http://www.microbiomejournal.com/content/3/1/20{\%}5Cnhttp://files/939/s40168-015-0081-x.pdf{\%}5Cnhttp://microbiomejournal.biomedcentral.com/articles/10.1186/s40168-015-0081-x{\%}5Cnhttp://microbiomejournal.biomedcentral.com/articles/10.1186/s40168-015-0081-x},
    volume = {3},
    year = {2015}
}
@article{Ritari2015,
    author = {Ritari, Jarmo and Saloj{\"{a}}rvi, Jarkko and Lahti, Leo and de Vos, Willem M.},
    doi = {10.1186/s12864-015-2265-y},
    isbn = {1471-2164},
    issn = {1471-2164},
    journal = {BMC Genomics},
    keywords = {16S,16s,Archaea,Bacteria,Human,Human intestinal microbiota,Next-generation sequencing,Ribosomal RNA,Taxonomy,archaea,bacteria,human intestinal microbiota,next-generation sequencing,ribosomal rna},
    number = {1},
    pages = {1056},
    pmid = {26651617},
    title = {{Improved taxonomic assignment of human intestinal 16S rRNA sequences by a dedicated reference database}},
    url = {http://www.biomedcentral.com/1471-2164/16/1056{\%}5Cnhttp://www.scopus.com/inward/record.url?eid=2-s2.0-84960126272{\&}partnerID=tZOtx3y1},
    volume = {16},
    year = {2015}
}
@article{Huse2010,
    author = {Huse, Susan M and Welch, David Mark and Morrison, Hilary G and Sogin, Mitchell L},
    doi = {10.1111/j.1462-2920.2010.02193.x},
    file = {:Users/ilia/Library/Application Support/Mendeley Desktop/Downloaded/Huse et al. - 2010 - Ironing out the wrinkles in the rare biosphere through improved OTU clustering.pdf:pdf},
    issn = {1462-2920},
    journal = {Environmental microbiology},
    keywords = {Biodiversity,Cluster Analysis,DNA, Bacterial,DNA, Bacterial: chemistry,DNA, Bacterial: genetics,DNA, Ribosomal,DNA, Ribosomal: chemistry,DNA, Ribosomal: genetics,Environmental Microbiology,Escherichia coli,Escherichia coli: genetics,Metagenomics,Metagenomics: methods,RNA, Ribosomal, 16S,RNA, Ribosomal, 16S: genetics,Sequence Alignment,Sequence Alignment: methods,Sequence Analysis, DNA,Staphylococcus epidermidis,Staphylococcus epidermidis: genetics},
    mendeley-groups = {Manuscript,Seasonal paper},
    month = {jul},
    number = {7},
    pages = {1889--98},
    pmid = {20236171},
    title = {{Ironing out the wrinkles in the rare biosphere through improved OTU clustering.}},
    url = {http://www.pubmedcentral.nih.gov/articlerender.fcgi?artid=2909393{\&}tool=pmcentrez{\&}rendertype=abstract},
    volume = {12},
    year = {2010}
}
@article{Dubinkina2016,
    author = {Dubinkina, Veronika B and Ischenko, Dmitry S and Ulyantsev, Vladimir I and Tyakht, Alexander V and Alexeev, Dmitry G},
    doi = {10.1186/s12859-015-0875-7},
    file = {:Users/ilia/Downloads/s12859-015-0875-7.pdf:pdf},
    isbn = {1471-2105},
    issn = {1471-2105},
    journal = {BMC bioinformatics},
    keywords = {1 research institute of,analysis,correspondence,dubinkina,edu,genomic variability,gut metagenome,k- mer,l- tuple,malaya pirogovskaya,mapping bias,n- gram,phage,physico-chemical medicine,phystech,reference-free metagenomic,sequence signature},
    mendeley-groups = {Metagenomics/Tools Misc,Metagenomics/Shotgun},
    pages = {38},
    pmid = {26774270},
    publisher = {BMC Bioinformatics},
    title = {{Assessment of k-mer spectrum applicability for metagenomic dissimilarity analysis.}},
    url = {http://www.ncbi.nlm.nih.gov/pubmed/26774270{\%}5Cnhttp://www.pubmedcentral.nih.gov/articlerender.fcgi?artid=PMC4715287},
    volume = {17},
    year = {2016}
}
